
@misc{barrett_vulnerability_????,
	title = {Vulnerability {Exposes} 900M {Android} {Devices}—and {Fixing} {Them} {Won}’t {Be} {Easy} {\textbar} {WIRED}},
	url = {https://www.wired.com/2016/08/quadroot-android-vulnerability-qualcomm/},
	urldate = {2016-11-06},
	author = {Barrett, Brian},
	file = {Vulnerability Exposes 900M Android Devices—and Fixing Them Won’t Be Easy | WIRED:/home/tyler/.mozilla/firefox/9c9ymnpo.dev-edition-default/zotero/storage/2P793PS5/quadroot-android-vulnerability-qualcomm.html:text/html}
}

@misc{_dashboards_????,
	title = {Dashboards {\textbar} {Android} {Developers}},
	url = {https://developer.android.com/about/dashboards/index.html},
	urldate = {2016-11-06},
	file = {Dashboards | Android Developers:/home/tyler/.mozilla/firefox/9c9ymnpo.dev-edition-default/zotero/storage/BTNJACHP/index.html:text/html}
}

@misc{_home_????,
	title = {Home - {Android} {Vulnerabilities}},
	url = {http://androidvulnerabilities.org/},
	urldate = {2016-11-06},
	file = {Home - Android Vulnerabilities:/home/tyler/.mozilla/firefox/9c9ymnpo.dev-edition-default/zotero/storage/XPHAX8AC/androidvulnerabilities.org.html:text/html}
}

@misc{thomas-aguilar_23_????,
	title = {23 {Disturbing} {Statistics} about {Mobile} {Security} - {AirWatch} {Blog}},
	url = {http://blogs.air-watch.com/2015/10/23-disturbing-statistics-mobile-security/#.WB56rtWsD7g},
	urldate = {2016-11-06},
	author = {Thomas-Aguilar, Blakely},
	file = {23 Disturbing Statistics about Mobile Security - AirWatch Blog:/home/tyler/.mozilla/firefox/9c9ymnpo.dev-edition-default/zotero/storage/KKAG3P37/23-disturbing-statistics-mobile-security.html:text/html}
}